@TECHREPORT{Philipp,
	title={Automated Repair with Genetic Programming},
	author={Philipp Badenhoop},
	year={2017},
	institution={Humboldt University of Berlin, Lehrstuhl Software Engineering}
}
@BOOK{MM16,
	author = {Martines, M. and Monperrus, M.},
	title = {ASTOR: A Program Repair Library for Java},
	year = {2016},
	publischer = {roceedings of ISSTA, Demonstration Track, 2016, Saarbr√ºcken, Germany.},
	pages = {441-444}
}
@INPTOCEEDINGS{JJE14,
  title={Defects4J: A database of existing faults to enable controlled testing studies for Java programs},
  author={Just, R. and Jalali, D. and Ernst, M. D.},
  booktitle={Proceedings of the 2014 International Symposium on Software Testing and Analysis},
  pages={437--440},
  year={2014},
  organization={ACM}
}
